@book{millett2002lending,
  title={Lending and Borrowing in Ancient Athens},
  author={Millett, P.},
  isbn={9780521893916},
  url={https://books.google.be/books?id=0IriOXQSe5QC},
  year={2002},
  publisher={Cambridge University Press}
}

@book{simmons2019collateral,
  title={Collateral Management: A Guide to Mitigating Counterparty Risk},
  author={Simmons, M.},
  isbn={9781119377122},
  lccn={2018044295},
  series={Wiley Finance},
  url={https://books.google.be/books?id=DMOKDwAAQBAJ},
  year={2019},
  publisher={Wiley}
}

@article{team2017dai,
  title={The dai stablecoin system},
  author={Maker Team},
  url={https://makerdao.com/whitepaper/DaiDec17WP.pdf},
  year={2017}
}

@article{leshner2019compound,
  title={Compound: The money market protocol},
  author={Leshner, Robert and Hayes, Geoffrey},
  journal={White Paper},
  year={2019}
}

@article{thornburg2020aave,
  title={Aave protocol whitepaper v1},
  author={Harry Thornburg},
  url={https://github.com/aave/aave-protocol/blob/master/docs/Aave_Protocol_Whitepaper_v1_0.pdf},
  year={2020}
}

@inproceedings{hellwig2008causes,
  title={The causes of the financial crisis},
  author={Hellwig, Martin},
  booktitle={CESifo Forum},
  volume={9},
  number={4},
  pages={12--21},
  year={2008},
  organization={M{\"u}nchen: ifo Institut f{\"u}r Wirtschaftsforschung an der Universit{\"a}t M{\"u}nchen}
}

@book{gregory2014central,
  title={Central Counterparties: Mandatory Central Clearing and Initial Margin Requirements for OTC Derivatives},
  author={Gregory, J.},
  isbn={9781118891582},
  series={The Wiley Finance Series},
  url={https://books.google.be/books?id=DpXqAwAAQBAJ},
  year={2014},
  publisher={Wiley}
}

@article{gontier2023morpho,
  title={Morpho Blue Whitepaper},
  author={Gontier Delaunay, Mathis and Frambot, Paul and Garchery, Quentin and Lesbre, Matthieu},
  url={https://github.com/morpho-org/morpho-blue/blob/main/morpho-blue-whitepaper.pdf},
  year={2023}
}

@article{euler2023protocols,
  title={Protocols vs Products},
  author={Euler Labs},
  url={https://www.euler.finance/blog/protocols-vs-products},
  year={2023}
}

@misc{adams2023uniswap,
  author       = {Adams, H. and Salem, M. and Zinsmeister, N. and et al.},
  title        = {Uniswap v4 Core [Draft]},
  year         = {2023},
  howpublished = {Draft}
}

@article{schar2021decentralized,
  title={Decentralized finance: On blockchain-and smart contract-based financial markets},
  author={Sch{\"a}r, Fabian},
  journal={FRB of St. Louis Review},
  year={2021}
}

@inproceedings{xie2022towards,
  title={Towards Secure and Trustworthy Flash Loans: A Blockchain-Based Trust Management Approach},
  author={Xie, Yining and Kang, Xin and Li, Tieyan and Chu, Cheng-Kang and Wang, Haiguang},
  booktitle={International Conference on Network and System Security},
  pages={499--513},
  year={2022},
  organization={Springer}
}

@misc{coindeskDeFiExchange,
	author = {Fran Velasquez},
	title = {{D}e{F}i {E}xchange {M}ango's \$114{M} {E}xploit {W}as '{M}arket {M}anipulation,' {N}ot a {H}ack, {E}x-{F}{B}{I} {S}pecial {A}gent {S}ays --- coindesk.com},
	howpublished = {\url{https://www.coindesk.com/tech/2022/10/20/defi-exchange-mangos-114m-exploit-was-market-manipulation-not-a-hack-ex-fbi-special-agent-says/}},
	year = {},
	note = {[Accessed 30-01-2024]}
}
